% Encoding: UTF-8

@article{CieslakEtAlStockReturns,
  author   = {Cieslak, Anna and Morse, Adair and Vissing-Jorgensen, Annette},
  journal  = {The Journal of Finance},
  title    = {Stock Returns over the {FOMC} Cycle},
  year     = {2019},
  number   = {5},
  pages    = {2201-2248},
  volume   = {74},
  doi      = {10.1111/jofi.12818},
  eprint   = {https://onlinelibrary.wiley.com/doi/pdf/10.1111/jofi.12818},
  url      = {https://onlinelibrary.wiley.com/doi/abs/10.1111/jofi.12818},
}

@Comment{jabref-meta: databaseType:bibtex;}