@online{deposit2023,
  author = {Alena Kang-Landsberg and Stephan Luck and Matthew Plosser},
  title = {Deposit Betas: Up, Up, and Away?},
  year = {2023},
  month = {4},
  day = {11},
  publisher = {Federal Reserve Bank of New York Liberty Street Economics},
  url = {https://libertystreeteconomics.newyorkfed.org/2023/04/deposit-betas-up-up-and-away/},
  urldate = {YYYY-MM-DD} % Date you accessed the source, if relevant
}

@online{scf2022,
  author       = {{Board of Governors of the Federal Reserve Board}},
  title        = {2022 Survey of Consumer Finances},
  year         = {2023},
  url          = {https://www.federalreserve.gov/econres/scfindex.htm},
  doi          = {10.17016/8799},
  organization = {Federal Reserve System},
  }

@online{snb2023,
  author = {{Swiss National Bank}},
  title  = {Published interest rates for new transactions, Official Interest Rates, Target Range of the SNB (Until July 2019)},
  year   = {2023},
  url    = {https://data.snb.ch/en/topics}, 
}